@inproceedings{maygh,
  title={Maygh: Building a CDN from client web browsers},
  author={Zhang, L. and Zhou, F. and Mislove, A. and Sundaram, R.},
  booktitle={Proceedings of the 8th ACM European Conference on Computer Systems},
  pages={281--294},
  year={2013},
  organization={ACM}
}

@misc{RTMFP,
  author="Adobe",
  title="RTMFP for developing real-time collaboration applications",
  note="http://labs.adobe.com/technologies/cirrus/",
}

@inproceedings{netsession,
  title={Peer-assisted content distribution in Akamai netsession},
  author={Zhao, M. and Aditya, P. and Chen, A. and Lin, Y. and Haeberlen, A. and Druschel, P, and Maggs, B, and Wishon, B, and Ponec, M.},
  booktitle={Proc. of ACM ICM 2013},
  pages={31--42},
  year={2013},
  organization={ACM}
}

@inproceedings{roverso2013http,
  title={On HTTP live streaming in large enterprises},
  author={Roverso, Roberto and El-Ansary, Sameh and H{\"o}gqvist, Mikael},
  booktitle={Proceedings of the ACM SIGCOMM 2013 conference on SIGCOMM},
  pages={489--490},
  year={2013},
  organization={ACM}
}


@misc{cisco,
  author="Cisco",
  title="Visual Networking Index: Forecast and Methodology, 2012 to 2017",
  organization="Cisco",
  year=2012,
  url="www.cisco.com/en/US/solutions/collateral/ns341/ns525/ns537/ns705/ns827/white_paper_c11-481360.pdf",
}

@article{cdn-p2p,
journal={Multimedia Systems},
volume={11},
number={4},
title={{Analysis of a CDN-P2P hybrid architecture for cost-effective streaming media distribution}},
publisher={Springer-Verlag},
author={{Xu et al.}},
pages={383-399},
}


@INPROCEEDINGS{6733637, 
author={Vogt, C. and Werner, M.J. and Schmidt, T.C.}, 
booktitle={Network Protocols (ICNP), 2013 21st IEEE International Conference on}, 
title={{Leveraging WebRTC for P2P content distribution in web browsers}}, 
year={2013}, 
month={Oct}, 
pages={1-2}, 
}

@inproceedings{smoothcache,
booktitle={IFIP NETWORKING 2012},
title={SmoothCache: HTTP-Live Streaming Goes Peer-to-Peer},
author={Roverso, R, and El-Ansary, S. and Haridi, S.},
}

@inproceedings{nurminen2013p2p,
  title={{P2P media streaming with HTML5 and WebRTC (Demo)}},
  author={Nurminen, J. and Meyn, A. and Jalonen, E. and Raivio, Y. and Marrero, R.,
  booktitle={IEEE International Conference on Computer Communications(INFOCOM)},
  year={2013}
}

@misc{hive-repo,
 note="https://github.com/Peerialism/hive-browser-client"
}

@misc{utp-repo,
 note="https://github.com/bittorrent/libutp"
}

@misc{swarmify,
  title="Swarmify",
  note="http://swarmify.com/",
}

@misc{peerCDN,
  title="PeerCDN",
  note="https://peercdn.com/",
}

@inproceedings{newcool,
    author = {Li, B. and Qu, Y. Keung, Y. and Xie, S. and Lin, C. and Liu, J. and Zhang, X.},
    booktitle = {INFOCOM 2008. The 27th Conference on Computer Communications. IEEE},
    citeulike-article-id = {3779214},
    journal = {INFOCOM 2008. The 27th Conference on Computer Communications. IEEE},
    title = {{Inside the New Coolstreaming: Principles, Measurements and Performance Implications}},
}
